<?xml version="1.0" encoding="UTF-8"?><record xmlns="http://www.loc.gov/MARC21/slim" xmlns:cinclude="http://apache.org/cocoon/include/1.0" xmlns:zs="http://www.loc.gov/zing/srw/">
  <leader>00478nz  a2200133n  4500</leader>
  <controlfield tag="001">n  95066278 </controlfield>
  <controlfield tag="003">DLC</controlfield>
  <controlfield tag="005">19950706151352.1</controlfield>
  <controlfield tag="008">950706n| acannaab|          |a ana |||  </controlfield>
  <datafield tag="010" ind1=" " ind2=" ">
    <subfield code="a">n  95066278 </subfield>
  </datafield>
  <datafield tag="040" ind1=" " ind2=" ">
    <subfield code="a">DLC</subfield>
    <subfield code="c">DLC</subfield>
  </datafield>
  <datafield tag="110" ind1="2" ind2="0">
    <subfield code="a">Evangel Temple Assemblies of God (Columbus, Ga.).</subfield>
    <subfield code="b">Sanctuary Choir</subfield>
  </datafield>
  <datafield tag="410" ind1="2" ind2="0">
    <subfield code="a">Evangel Temple Sanctuary Choir</subfield>
  </datafield>
  <datafield tag="670" ind1=" " ind2=" ">
    <subfield code="a">Christmas tapestry, p1984:</subfield>
    <subfield code="b">container (The Sanctuary Choir of Evangel Temple Assemblies of God ; Evangel Temple Sanctuary Choir)</subfield>
  </datafield>
</record>